@article{CMS-AN-2012-375,
     author        = "Marrero,~A. and others",
     title         = "Top pair cross section in dileptons at 8 TeV",
     url           = "http://cms.cern.ch/iCMS/jsp/openfile.jsp?tp=draft&files=AN2012_375_v5.pdf",
     journal       = "CMS Analysis Note",
     volume        = "\href{http://cms.cern.ch/iCMS/jsp/openfile.jsp?tp=draft&files=AN2012_375_v5.pdf}{CMS AN-2012/375}",
     month         = "Oct",
     year          = "2013"
}

@article{Czakon:2013goa,
      author         = "Czakon, Michal and Fiedler, Paul and Mitov, Alexander",
      title          = "{The total top quark pair production cross-section at
                        hadron colliders through $\mathcal{O}(\alpha_S^4)$}",
      year           = "2013",
      eprint         = "1303.6254",
      archivePrefix  = "arXiv",
      primaryClass   = "hep-ph",
      reportNumber   = "CERN-PH-TH-2013-056, TTK-13-08",
      SLACcitation   = "%%CITATION = ARXIV:1303.6254;%%",
}

@Article{MADGRAPH,
      author         = "Alwall, Johan and Herquet, Michel and Maltoni, Fabio and
                        Mattelaer, Olivier and Stelzer, Tim",
      title          = "{MadGraph 5 : Going Beyond}",
      journal        = "JHEP",
      volume         = "1106",
      pages          = "128",
      doi            = "10.1007/JHEP06(2011)128",
      year           = "2011",
      eprint         = "1106.0522",
      archivePrefix  = "arXiv",
      primaryClass   = "hep-ph",
      reportNumber   = "FERMILAB-PUB-11-448-T",
      SLACcitation   = "%%CITATION = ARXIV:1106.0522;%%"
}

@Article{Sjostrand:2006za,
     author    = "Sj$\stackrel{..}{\text o}$strand, Torbjorn and Mrenna, Stephen and Skands, Peter Z.",
     title     = "{PYTHIA 6.4 Physics and Manual}",
     journal   = "JHEP",
     volume    = "05",
     year      = "2006",
     pages     = "026",
     eprint    = "hep-ph/0603175",
     archivePrefix = "arXiv",
     doi       = "10.1088/1126-6708/2006/05/026"
}

@article{Alioli:2010xd,
      author         = "Alioli, Simone and Nason, Paolo and Oleari, Carlo and Re,
                        Emanuele",
      title          = "{A general framework for implementing NLO calculations in
                        shower Monte Carlo programs: the POWHEG BOX}",
      journal        = "JHEP",
      volume         = "1006",
      pages          = "043",
      doi            = "10.1007/JHEP06(2010)043",
      year           = "2010",
      eprint         = "1002.2581",
      archivePrefix  = "arXiv",
      primaryClass   = "hep-ph",
      reportNumber   = "DESY-10-018, SFB-CPP-10-22, IPPP-10-11, DCPT-10-22",
      SLACcitation   = "%%CITATION = ARXIV:1002.2581;%%",                                                                                                                            
}

@Article{Agostinelli:2002hh,
     author    = "Agostinelli, S. and others",
     collaboration = "GEANT4",
     title     = "{GEANT4: A simulation toolkit}",
     journal   = "Nucl. Instrum. Meth.",
     volume    = "A506",
     year      = "2003",
     pages     = "250-303",
     doi       = "10.1016/S0168-9002(03)01368-8"
}

@TECHREPORT{twiki:STDMODELXSEC8TeV,
      AUTHOR      = "{Lenzi,~P. and Padhi,~S. and Ceballos,~G. and Wuerthwein,~F.}",
      TITLE       = "Standard Model Cross Sections for CMS at 8 TeV",
      URL         = "https://twiki.cern.ch/twiki/bin/viewauth/CMS/StandardModelCrossSectionsat8TeV",
      TYPE        = "Twiki",
      YEAR        = "2012"
}

@TECHREPORT{twiki:BTagSFMethods,
      AUTHOR      = "{Ferencek,~D. and others}",
      TITLE       = "Methods to apply b-tagging efficiency scale factors ",
      URL         = "https://twiki.cern.ch/twiki/bin/view/CMS/BTagSFMethods",
      TYPE        = "Twiki",
      YEAR        = "2012"
}


@article{Campbell:2011bn,
      author         = "Campbell, John M. and Ellis, R. Keith and Williams,
                        Ciaran",
      title          = "{Vector boson pair production at the LHC}",
      journal        = "JHEP",
      volume         = "1107",
      pages          = "018",
      doi            = "10.1007/JHEP07(2011)018",
      year           = "2011",
      eprint         = "1105.0020",
      archivePrefix  = "arXiv",
      primaryClass   = "hep-ph",
      reportNumber   = "FERMILAB-PUB-11-182-T",
      SLACcitation   = "%%CITATION = ARXIV:1105.0020;%%",
}

@article{Kidonakis:2012eq,
      author         = "Kidonakis, Nikolaos",
      title          = "{Single top and top pair production}",
      year           = "2012",
      eprint         = "1212.2844",
      archivePrefix  = "arXiv",
      primaryClass   = "hep-ph",
      SLACcitation   = "%%CITATION = ARXIV:1212.2844;%%",
}

@TECHREPORT{twiki:EGeff,
      AUTHOR      = "Rovelli,~C. and others",
      TITLE       = "Single Electron efficiencies and Scale-Factors for cut based Id - 2012",
      URL         = "https://twiki.cern.ch/twiki/bin/view/Main/EGammaScaleFactors2012",
      TYPE        = "Twiki Page",
      YEAR        = "2012"
}

@TECHREPORT{twiki:MUeff,
      AUTHOR      = "Lopez,~S. and others",
      TITLE       = "Reference muon id and isolation efficiencies",
      URL         = "https://twiki.cern.ch/twiki/bin/view/CMS/MuonReferenceEffs",
      TYPE        = "Twiki Page",
      YEAR        = "2012"
}

@TECHREPORT{twiki:JER,
      AUTHOR      = "Saoulidou,~N. and Zielinski,~M.",
      TITLE       = "Jet Energy Resolution Measurement",
      URL         = "https://twiki.cern.ch/twiki/bin/viewauth/CMS/JetResolution",
      TYPE        = "Twiki Page",
      YEAR        = "2011"
}

@TECHREPORT{twiki:BTVeff,
      AUTHOR      = "Bloch,~D. and others",
      TITLE       = "2012 Data and MC (EPS13 prescription)",
      URL         = "https://twiki.cern.ch/twiki/bin/viewauth/CMS/BtagPOG#2012_Data_and_MC_EPS13_prescript",
      TYPE        = "Twiki Page",
      YEAR        = "2013"
}

@TECHREPORT{twiki:TopPtRwgt,
      AUTHOR      = "Goerner,~M. and others",
      TITLE       = "\pt(top-quark) based reweighting of \ttbar MC",
      URL         = "https://twiki.cern.ch/twiki/bin/view/CMS/TopPtReweighting",
      TYPE        = "Twiki Page",
      YEAR        = "2013"
}

@article{Kidonakis:2013nda,
      author         = "Kidonakis, Nikolaos",
      title          = "{Differential cross sections for top-pair and single-top
                        production}",
      year           = "2013",
      eprint         = "1309.3552",
      archivePrefix  = "arXiv",
      primaryClass   = "hep-ph"
}

@techreport{CMS-PAS-BTV-13-001,
      collaboration = {CMS},
      title        = "Performance of b tagging at sqrt(s)=8 TeV in multijet, \ttbar and boosted topology events",
      institution  = "CERN",
      address      = "Geneva",
      number       = "CMS-PAS-BTV-13-001",
      year         = "2013",
      url          = "http://cds.cern.ch/record/1581306"
}


@article{Moneta:2010pm,
      author         = "Moneta, Lorenzo and Belasco, Kevin and Cranmer, Kyle S.
                        and Kreiss, S. and Lazzaro, Alfio and others",
      title          = "{The RooStats Project}",
      journal        = "PoS",
      volume         = "ACAT2010",
      pages          = "057",
      year           = "2010",
      eprint         = "1009.1003",
      archivePrefix  = "arXiv",
      primaryClass   = "physics.data-an",
      SLACcitation   = "%%CITATION = ARXIV:1009.1003;%%",
}

@article{Beringer:1900zz,
      author         = "Beringer, J. and others (Particle Data Group)",
      title          = "{Review of Particle Physics (RPP)}",
      journal        = "Phys.Rev.",
      volume         = "D86",
      pages          = "010001",
      doi            = "10.1103/PhysRevD.86.010001",
      year           = "2012",
      SLACcitation   = "%%CITATION = PHRVA,D86,010001;%%",
}

@article{Kidonakis:2011wy,
      author         = "Kidonakis, Nikolaos",
      title          = "{Next-to-next-to-leading-order collinear and soft gluon
                        corrections for t-channel single top quark production}",
      journal        = "Phys.Rev.",
      volume         = "D83",
      pages          = "091503",
      doi            = "10.1103/PhysRevD.83.091503",
      year           = "2011",
      eprint         = "1103.2792",
      archivePrefix  = "arXiv",
      primaryClass   = "hep-ph",
      SLACcitation   = "%%CITATION = ARXIV:1103.2792;%%",
}

@article{Skands:2005bj,
      author         = "Skands, Peter Z. and Plehn, Tilman and Rainwater, David",
      title          = "{QCD radiation in the production of high $\hat{s}$ final
                        states}",
      year           = "2005",
      eprint         = "hep-ph/0511306",
      archivePrefix  = "arXiv",
      primaryClass   = "hep-ph",
      reportNumber   = "ALCPG0417, FERMILAB-CONF-05-519-T,
                        SNOWMASS-2005-ALCPG0417",
      SLACcitation   = "%%CITATION = HEP-PH/0511306;%%",
}
